<?xml version="1.0" encoding="UTF-8"?><collection xmlns="http://www.loc.gov/MARC21/slim"><record><leader>00509nam--2200181-i-4500</leader><controlfield tag="001">000006715</controlfield><controlfield tag="002">20161230</controlfield><controlfield tag="005">20161230201026</controlfield><controlfield tag="008">060222s1000------------r-----000-0-eng-d</controlfield><datafield ind1=" " ind2=" " tag="040"><subfield code="a">IFIN-HH</subfield></datafield><datafield ind1=" " ind2=" " tag="080"><subfield code="a">539.1.075</subfield></datafield><datafield ind1="1" ind2=" " tag="100"><subfield code="a">Dearnaley, G. /S.A.</subfield></datafield><datafield ind1="1" ind2="0" tag="245"><subfield code="a">Semiconductor counters for nuclear radiations</subfield><subfield code="c">G. dearnaley, d.c. northrop</subfield></datafield><datafield ind1=" " ind2=" " tag="260"><subfield code="a">London</subfield><subfield code="b">E.&amp; F.N.Spon Ltd</subfield><subfield code="c">1964</subfield></datafield><datafield ind1=" " ind2=" " tag="300"><subfield code="a">XX + 331 P</subfield></datafield><datafield ind1="1" ind2=" " tag="700"><subfield code="a">Northrop, D.C</subfield></datafield><datafield ind1=" " ind2=" " tag="852"><subfield code="a">19694</subfield><subfield code="c">539.1.07:539.1.08</subfield></datafield><datafield ind1=" " ind2=" " tag="CAT"><subfield code="a">Sys</subfield><subfield code="c">20111018</subfield><subfield code="h">161240</subfield></datafield></record></collection>